@PROCEEDINGS{1992tlw..conf.....D,
        title = "{Ten lectures on wavelets}",
    booktitle = {CBMS-NSF regional conference series in applied mathematics},
         year = 1992,
       editor = {{Daubechies}, Ingrid},
        month = jan,
       adsurl = {https://ui.adsabs.harvard.edu/abs/1992tlw..conf.....D},
      adsnote = {Provided by the SAO/NASA Astrophysics Data System}
}

